<?xml version="1.0" encoding="UTF-8"?><collection xmlns="http://www.loc.gov/MARC21/slim"><record><leader>00613nam--2200181-i-4500</leader><controlfield tag="001">000039155</controlfield><controlfield tag="002">20161230</controlfield><controlfield tag="005">20161230201042</controlfield><controlfield tag="008">060222s1000------------r-----000-0-fre-d</controlfield><datafield ind1=" " ind2=" " tag="040"><subfield code="a">IFIN-HH</subfield></datafield><datafield ind1=" " ind2=" " tag="041"><subfield code="a">fre</subfield></datafield><datafield ind1=" " ind2=" " tag="080"><subfield code="a">531.5(043):524.882(043)</subfield></datafield><datafield ind1="1" ind2=" " tag="100"><subfield code="a">Rios,Ghislaine</subfield></datafield><datafield ind1="1" ind2="0" tag="245"><subfield code="a">Une approche du phenomene d`ecroulement gravitationnel de par l`etude d`une extension anlytique de la metrique interieure de schwarzschild</subfield><subfield code="b">These</subfield><subfield code="c">Ghislaine rios</subfield></datafield><datafield ind1=" " ind2=" " tag="260"><subfield code="a">Montpelier</subfield><subfield code="b">Universite Des Sciences Et Technique Du Languedoc</subfield><subfield code="c">1979</subfield></datafield><datafield ind1=" " ind2=" " tag="300"><subfield code="a">108 P</subfield></datafield><datafield ind1=" " ind2=" " tag="852"><subfield code="a">49693</subfield><subfield code="c">531</subfield></datafield><datafield ind1=" " ind2=" " tag="CAT"><subfield code="a">Sys</subfield><subfield code="c">20110113</subfield><subfield code="h">130402</subfield></datafield></record></collection>